
@Book{cormen,
    author    = "Thomas H. Cormen and Charles E. Leiserson and Ronald L. Rivest and Clifford Stein",
    title     = "Wprowadzenie do algorytm√≥w",
    publisher = "Wydawnictwa Naukowo-Techniczne",
    address   = "Warszawa",
    year      = 2004,
}

@Book{knuth,
    author    = "Donald E. Knuth",
    title     = "Sztuka programowania",
    publisher = "Wydawnictwa Naukowo-Techniczne",
    address   = "Warszawa",
    year      = 2002,
}


@Book{drozdek,
    author    = "Adam Drozdek",
    title     = "C++. Algorytmy i struktury danych",
    publisher = "Helion",
    address   = "Gliwice",
    year      = 2004,
}




@Book{celko-sql,
    author    = "Joe Celko",
    title     = "SQL. Zaawansowane techniki programowania",
    publisher = "MIKOM",
    year      = 2000,
}

@Book{celko-tree,
    author    = "Joe Celko",
    title     = "Joe Celko`s Trees and Hierarchies in SQL for Smarties",
    publisher = "Morgan Kaufmann",
    year      = 2004,
}




@Book{apress-sqlserver,
    author    = "Robert E. Walters and Michael Coles and Robert Rae and Fabio Ferracchiati and Donald Farmer",
    title     = "Accelerated SQL Server 2008",
    publisher = "Apress",
    year      = 2008,
}

@Book{oracle-ref11,
    author    = "Kevin Loney",
    title     = "Oracle Database 11g: The Complete Reference",
    publisher = "McGraw-Hill",
    year      = 2009,
}

